@inbook{physics1,
    author    = {人民教育出版社},
    title     = {物理 必修 第一册},
    publisher = {人民教育出版社},
    year    = {2019},
    pages     = {43},
}

@inbook{physics2,
    author    = {人民教育出版社},
    title     = {物理 必修 第二册},
    publisher = {人民教育出版社},
    year    = {2019},
    pages     = {10-13},
}
@article{Li2013,
  title={谈平抛运动问题的解题思想和方法},
  author={李俊成},
  journal={物理教学},
  number={2},
  pages={3},
  year={2013},
}
@article{Hu2011,
  title={探究平抛运动的规律},
  author={胡一德},
  journal={中国现代教育装备},
  year={2011},
}
@misc{natarajan2024preprocessingbased,
  title={Preprocessing-based Kinodynamic Motion Planning Framework for Intercepting Projectiles using a Robot Manipulator},
  author={Ramkumar Natarajan and Hanlan Yang and Qintong Xie and Yash Oza and Manash Pratim Das and Fahad Islam and Muhammad Suhail Saleem and Howie Choset and Maxim Likhachev},
  year={2024},
  eprint={2401.08022},
  archivePrefix={arXiv},
  primaryClass={cs.RO}
}
@misc{gousopoulos2023investigating,
    title={Investigating students' scientific reasoning through heuristic and analytical thought processes},
    author={Dimitrios Gousopoulos},
    year={2023},
    eprint={2311.07158},
    archivePrefix={arXiv},
    primaryClass={physics.ed-ph}
}
@misc{chudinov2024vertical,
    title={Vertical projectile motion taking into account the wind},
    author={Peter Chudinov},
    year={2024},
    eprint={2401.10943},
    archivePrefix={arXiv},
    primaryClass={physics.class-ph}
}
@misc{jacobsen2024online,
      title={Online Linear Regression in Dynamic Environments via Discounting},
      author={Andrew Jacobsen and Ashok Cutkosky},
      year={2024},
      eprint={2405.19175},
      archivePrefix={arXiv},
      primaryClass={cs.LG}
}
@article{White_2021,
   title={A Statistical Analysis of Drug Seizures and Opioid Overdose Deaths in Ohio from 2014 to 2018},
   volume={10},
   ISSN={2167-1907},
   url={http://dx.doi.org/10.47611/jsr.v10i1.786},
   DOI={10.47611/jsr.v10i1.786},
   number={1},
   journal={Journal of Student Research},
   publisher={rScroll},
   author={White, David and Tran, Lam and Ma, Lin},
   year={2021},
   month=mar
}
@unpublished{Goh_2024,
    title = {Mathematical Modeling of Shot Put Throwing Distance},
    author = {Ethan Goh},
    year = {2024},
    month = {March},
}
